%%% Existem alguns exemplos na sequência. Consulte a documentação do BibLaTeX e
%%% o arquivo 'biblatex-cheatsheet.pdf'.

@article{Collobert2011,
  author          = {Collobert, Ronan and Weston, Jason and Bottou, Léon and
                  Karlen, Michael and Kavukcuoglu, Koray and Kuksa, Pavel},
  title           = {Natural Language Processing (Almost) from Scratch},
  journal         = {J. Mach. Learn. Res.},
  issue_date      = {2/1/2011},
  volume          = 12,
  month           = 11,
  year            = 2011,
  issn            = {1532-4435},
  pages           = {2493--2537},
  numpages        = 45,
  url             =
                  {http://dl-acm-org.ez31.periodicos.capes.gov.br/citation.cfm?id=1953048.2078186},
  acmid           = 2078186,
  publisher       = {JMLR.org},
}

@booklet{CitekeyBooklet,
  title        = {Canoe tours in Sweden},
  author       = {Maria Swetla},
  howpublished = {Distributed at the Stockholm Tourist Office},
  month        = 6,
  year         = 2015
}

@inbook{CitekeyInbook,
  author    = "Lisa A. Urry and Michael L. Cain and Steven A. Wasserman and Peter V. Minorsky and Jane B. Reece",
  title     = "Photosynthesis",
  booktitle = "Campbell Biology",
  year      = "2016",
  publisher = "Pearson",
  address   = "New York, NY",
  pages     = "187--221"
}

@incollection{CitekeyIncollection,
  author    = "Shapiro, Howard M.",
  editor    = "Hawley, Teresa S. and Hawley, Robert G.",
  title     = "Flow Cytometry: The Glass Is Half Full",
  booktitle = "Flow Cytometry Protocols",
  year      = 2018,
  publisher = "Springer",
  address   = "New York, NY",
  pages     = "1--10"
}

@misc{CitekeyMisc,
  title        = "Pluto: The 'Other' Red Planet",
  author       = "{NASA}",
  howpublished = "\url{https://www.nasa.gov/nh/pluto-the-other-red-planet}",
  year         = 2015,
  note         = "Accessed: 2018-12-06"
}

@thesis{vene2008,
  author          = {Antonio Luis Venezuela},
  title           = {Modelagem analítico-numérica do escoamento laminar
                  convectivo em tubos associada à filtração tangencial},
  type            = {Tese de Doutorado},
  school          = {Universidade de São Paulo},
  year            = 2008
}

@book{braess2007,
  title           = {Finite Elements: Theory, Fast Solvers, and Applications in
                  Solid Mechanics},
  publisher       = {Cambridge University Press},
  year            = 2007,
  author          = {Dietrich Braess}
}

@inbook{Cerri2008,
 author = {Yara Lygia Nogueira Sáes Cerri and Maria Guiomar Carneiro Tomazello},
 title = {Crianças aprendem melhor ciências por meio da experimentação?},
 booktitle = {Quanta ciência há no ensino de ciências},
 year = {2008},
 pages = {71-79},
 isbn = {9788576001218},
 publisher = {SciELO – EdUFSCar},
 pagetotal = 332,
 editor = {A. C. Pavão and D. Freitas},
 url = {http://www.jstor.org/stable/10.7476/9788576003625}
}

@Article{Rosa2007,
  author          = {Cleci Werner da Rosa and Álvaro Becker da Rosa and Claudete Pecatti},
  title           = {Atividades experimentais nas séries iniciais: relato de uma investigação},
  journaltitle    = {Revista Electrónica de Enseñanza de las Ciencias},
  year         = 2007,
  volume       = 6,
  number       = 2,
  pages        = {263-274}}

@Article{Souza2010,
  author          = {James A. Souza and Cleidson S. de Oliveira},
  title           = {Uma ``luz'' no aprendizado de ciência: inserindo a prática investigativa com uma vela},
  journaltitle    = {Física na Escola},
  year         = 2010,
  volume       = 11,
  number       = 2}

@Monography