%%% Existem alguns exemplos na sequência. Consulte a documentação do BibLaTeX e
%%% o arquivo 'biblatex-cheatsheet.pdf'.

@inbook{CiênciaTransiçãoSeculosa,
  author          = {Olival Freire Junior and Ileana Maria Greca and Charbel
                  Niño El-Hani},
  title           = {Ciências na transição dos séculos: conceitos, práticas e
                  historicidade},
  booktitle       = {Ciências na transição dos séculos: conceitos, práticas e
                  historicidade},
  year            = 2014,
  pages           = {07-28},
  isbn            = 9788523212438,
  publisher       = {EDUFBA},
  pagetotal       = 332,
  url             =
                  {https://repositorio.ufba.br/bitstream/ri/22111/1/Ciencia%20na%20transicao%20dos%20seculos-RI.pdf}
}

@inbook{CiênciaTransiçãoSeculosb,
  author          = {Olival Freire Junior and Ileana Maria Greca},
  title           = {Informação e Teoria Quântica},
  booktitle       = {Ciências na transição dos séculos: conceitos, práticas e
                  historicidade},
  year            = 2014,
  pages           = {29-55},
  isbn            = 9788523212438,
  publisher       = {EDUFBA},
  pagetotal       = 332,
  url             =
                  {https://repositorio.ufba.br/bitstream/ri/22111/1/Ciencia%20na%20transicao%20dos%20seculos-RI.pdf}
}

@book{TheInformation,
  title           = {The Information},
  subtitle        = {A Theory, a History, a Flood},
  publisher       = {Pantheon Books, New York},
  year            = 2011,
  author          = {James Gleick},
}

@book{transistor,
  title           = {Microeletrônica},
  publisher       = {Pearson Universidades},
  year            = 2007,
  author          = {Adel S. Sedra and Kenneth C. Smith},
}

@Report{CompInfoQuantica,
  author          = {Ivan S. Oliveira and Roberto S. Sarthour},
  title           = {Computação Quântica e Informação Quântica},
  type            = {Material didático},
  institution     = {Centro Brasileiro de Pesquisas Físicas -- CBPF},
  date            = 2004,
  titleaddon      = {V Escola do CPBF},
  pagetotal       = 44,
  url             = {http://www.cbpf.br/~qbitrmn/didaticos/cqiq.pdf}
}

@article{benschu,
  author          = {Benjamin Schumacher},
  title           = {Quantum Coding},
  journaltitle    = {Physics Review},
  issue_date      = 1995,
  volume          = 51,
  year            = 1995,
  numpages        = 10,
  url             = {https://journals.aps.org/pra/abstract/10.1103/PhysRevA.51.2738},
}

@article{caldeira,  
  author          = {Amir Caldeira},
  title           = {Feynman, dissipação e computação quântica},
  journaltitle    = {Revista Brasileira de Ensino de Física},
  issue_date      = {2018},
  volume          = 40,
  year            = 2018,
  issn            = {1806-1117},
  numpages        = 9,
  url             = {https://doi.org/10.1590/1806-9126-RBEF-2017-0381},
}

@article{TeoQuanInfoEntreCopia,
  author          = {José Roberto Castilho Piqueira},
  title           = {Teoria quântica da informação: impossibilidade de cópia, entrelaçamento e teletransporte.},
  journaltitle        = {Revista Brasileira de Ensino de Física},
  issue_date      = {2011},
  volume          = 33,
  month           = 12,
  year            = 2011,
  issn            = {1806-9126},
  numpages        = 8,
  url             = {https://www.scielo.br/j/rbef/a/XZ8FbFnDYZ33r4xHtJFSDQL/abstract/?lang=pt#},
}

@inbook{materialdidaticomecquantica,
  author          = {Ado Jorio},
  title           = {Informação Quântica},
  booktitle       = {Mecânica Quântica},
  year            = 2019,
  pages           = {241-272},
  publisher       = {Universidade Federal de Minas Gerais},
  pagetotal       = 302,
  url             = {http://lilith.fisica.ufmg.br/~adojorio/disciplinas/mecanica_quantica.html},
}

@article{conceitoinformação,
  author          = {Rafael Capurro and Birger Hjorland},
  title           = {O conceito de Informação},
  journaltitle    = {Perspectivas em Ciência da Informação [online].},
  issue_date      = 2007,
  volume          = 12,
  month           = 4,
  year            = 2007,
  issn            = {1981-5344},
  pages           = {148-207},
  url             = {https://www.scielo.br/j/pci/a/j7936SHkZJkpHGH5ZNYQXnC/?lang=pt#},
}
 
@article{MTC,
  author          = {Claude Elwood Shannon},
  title           = {A Mathematical Theory of Communication},
  journaltitle    = {The Bell System Technical Journal},
  issue_date      = {1948},
  volume          = 27,
  month           = 7,
  year            = 1948,
  pages           = {379-423},
  url             = {https://people.math.harvard.edu/~ctm/home/text/others/shannon/entropy/entropy.pdf},
}
 
@book{mathematical,
  title           = {Mathematical foundations of information theory},
  publisher       = {Dover Publications, New York},
  year            = 1957,
  author          = {Aleksandr Yakovlevich Khinchin},
}

@Online{eniac,
  author       = {Julia Gadelha},
  title           = {A Evolução dos computadores},
  date            = 2015,
  url          = {http://www.ic.uff.br/~aconci/evolucao.html},
  urldate      = {2022-04-07}}

@Online{processadoribm,
  author       = {Weber Shandwick},
  title           = {IBM apresenta seu avançado processador quântico de 127 qubits},
  date            = 2021,
  url          = {https://www.ibm.com/blogs/ibm-comunica/ibm-apresenta-seu-avancado-processador-quantico-127qubits/},
  urldate      = {2022-04-19}
}  

@Online{quera,
  author       = {MIT Technology Review},
  title           = {Esta nova startup construiu um computador quântico recordista de 256 qubit},
  date            = 2021,
  url          = {https://mittechreview.com.br/esta-nova-startup-construiu-um-computador-quantico-recordista-de-256-qubit/},
  urldate      = {2022-04-19}
} 

@Online{osprey,
  author       = {MIT Technology Review},
  title           = {O que vem por aí: os avanços em Computação Quântica esperados para este ano},
  date            = 2023,
  url          = {https://mittechreview.com.br/os-avancos-em-computacao-quantica-esperados-para-este-ano/},
  urldate      = {2023-02-22}
} 
 
@Online{videoyoutube,
  author          = {Dominic Walliman},
  title           = {Quantum Simulation | You Can Program a Quantum Computer
                  Too!},
  date            = 2020,
  url             = {https://www.youtube.com/watch?v=kD370qyxTyw&t=686s},
  urldate         = {19/04/2022}
}

@Online{videoyoutube2,
  author          = {Dominic Walliman},
  title           = {The Map of Quantum Computing | Quantum Computers Explained},
  date            = 2021,
  url             = {https://www.youtube.com/watch?v=-UlxHPIEVqA&t=28s},
  urldate         = {19/03/2023}
}

@article{moore,
  author          = {Gordon E. Moore},
  title           = {Cramming more components onto integrated circuits},
  journaltitle    = {Electronics Magazine},
  issue_date      = 1965,
  volume          = 38,
  number          = 8,
  month           = 4,
  year            = 1965,
  url             =
                  {https://newsroom.intel.com/wp-content/uploads/sites/11/2018/05/moores-law-electronics.pdf},
}

@Online{chipibm,
  author       = {IBM},
  title           = {IBM Newsroom},
  date            = 2015,
  url          = {https://newsroom.ibm.com/},
  urldate      = {2022-04-07}}

@online{dwave,
  author		  = {Revista FAPESP},
  title           = {Computador quântico em ação},
  url             =
                  {https://revistapesquisa.fapesp.br/computador-quantico-em-acao/},
  year            = 2007,
  urldate         = {2022-04-07}
}

@book{chuang,
  title           = {Quantum Computation and Quantum Information},
  publisher       = {Cambridge University Press, New York},
  year            = 2010,
  author          = {Michael A. Nielsen and Isaac L. Chuang},
}

@book{grif,
  title           = {Mecânica Quântica},
  publisher       = {Pearson,São Paulo},
  year            = 2011,
  author          = {David J. Griffiths},
}

@thesis{fonzar,
  author          = {Icaro Souza Fonzar},
  title           = {Transmissão de informação através do teletransporte quântico},
  type            = {Monografia},
  school          = {Universidade Estadual Paulista "Júlio de Mesquita Filho"},
  year            = 2017
}

@thesis{jorcuvich,
  author          = {Wagner Jorcuvich Nunes da Silva},
  title           = {Uma introdução à Computação Quântica},
  type            = {Monografia},
  school          = {Universidade de São Paulo},
  year            = 2018
}

@article{bennet,
  author          = {Charles H. Bennet and Gilles Brassard and Claude Crépeau
                  and Richard Jozsa and Asher Peres and William K. Wootters},
  title           = {Teleporting a Unknown Quantum State via Dual Classical and
                  Einsten-Podolsky-Rosen Channels},
  journaltitle    = {Physical Review Letters},
  issue_date      = 1993,
  volume          = 70,
  month           = 3,
  year            = 1993,
  number          = 13,
  issn            = {1981-5344},
  pages           = {1895-1899},
  url             =
                  {https://journals.aps.org/prl/pdf/10.1103/PhysRevLett.70.1895},
}
@article{clone,
  author          = {William K. Wootters and William H. Zurek},
  title           = {A single quantum cannot be cloned},
  journaltitle    = {Physical Review Letters},
  issue_date      = 1982,
  volume          = 299,
  month           = 10,
  year            = 1982,
  pages           = {802-803},
  url             =
                  {https://www.nature.com/articles/299802a0},
}
@article{experimentalqt,
  author          = {Dik Bouwmeester and Jian-Wei Pan and Klaus Mattle and
                  Manfred Eibl and Harald Weinfurter and Anton Zeilinger},
  title           = {Experimental quantum teleportation},
  journaltitle    = {Nature},
  issue_date      = 1997,
  volume          = 390,
  month           = 12,
  year            = 1997,
  pages           = {575-579},
  url             = {https://www.nature.com/articles/37539},
}

@Report{chibeni,
  author          = {Silvio Seno Chibeni},
  title           = {O SURGIMENTO DA FÍSICA QUÂNTICA},
  type            = {Notas de Aulas},
  institution     = {IFCH -- Unicamp},
  date            = 2020,
  url          = {https://www.unicamp.br/~chibeni/textosdidaticos/fisquantica.pdf},
  urldate      = {2023-03-23}}

@article{zeilinger,
  author          = {Anton Zeilinger},
  title           = {Quantum Teleportation},
  journaltitle    = {Scientific American},
  issue_date      = {2000},
  volume          = 282,
  month           = 4,
  number          = 2,
  year            = 2000,
  pages           = {50-59},
  url             = {https://www.jstor.org/stable/26058672},
}

@article{brassard1996teleportation,
  title           = {Teleportation as a quantum computation},
  author          = {Brassard, Gilles},
  journaltitle    = {Physics Computation},
  year            = 1996
}

@article{DIRAC,
  author          = {Paul Dirac},
  title           = {A new notation for quantum mechanics},
  journaltitle    = {Mathematical Proceedings of the Cambridge Philosophical Society},
  issue_date      = {1939},
  volume          = 35,
  month           = 7,
  year            = 1939,
  pages           = {416-418},
  url             = {hhttp://journals.cambridge.org/abstract_S0305004100021162},
}

@thesis{teseufscar,
  author          = {Raphael Fortes Infante Gomes},
  title           = {Teletransporte Quântico na Presença de Ruído},
  type            = {Doutoramento},
  address         = {São Carlos},
  school          = {Universidade Federal de São Carlos, Departamento de Física},
  year            = 2016
}

@article{sympy,
  title           = {SymPy: symbolic computing in Python},
  author          = {Meurer, Aaron and Smith, Christopher P. and Paprocki,
                  Mateusz and \v{C}ert\'{i}k, Ond\v{r}ej and Kirpichev, Sergey
                  B. and Rocklin, Matthew and Kumar, AMiT and Ivanov, Sergiu and
                  Moore, Jason K. and Singh, Sartaj and Rathnayake, Thilina and
                  Vig, Sean and Granger, Brian E. and Muller, Richard P. and
                  Bonazzi, Francesco and Gupta, Harsh and Vats, Shivam and
                  Johansson, Fredrik and Pedregosa, Fabian and Curry, Matthew J.
                  and Terrel, Andy R. and Rou\v{c}ka, \v{S}t\v{e}p\'{a}n and
                  Saboo, Ashutosh and Fernando, Isuru and Kulal, Sumith and
                  Cimrman, Robert and Scopatz, Anthony},
  year            = 2017,
  month           = jan,
  keywords        = {Python, Computer algebra system, Symbolics},
  abstract        = { SymPy is an open source computer algebra system written in
                  pure Python. It is built with a focus on extensibility and
                  ease of use, through both interactive and programmatic
                  applications. These characteristics have led SymPy to become a
                  popular symbolic library for the scientific Python ecosystem.
                  This paper presents the architecture of SymPy, a description
                  of its features, and a discussion of select submodules. The
                  supplementary material provide additional examples and further
                  outline details of the architecture and features of SymPy. },
  volume          = 3,
  pages           = {e103},
  journal         = {PeerJ Computer Science},
  issn            = {2376-5992},
  url             = {https://doi.org/10.7717/peerj-cs.103},
  doi             = {10.7717/peerj-cs.103}
}

@Article{harris2020array,
 title         = {Array programming with {NumPy}},
 author        = {Charles R. Harris and K. Jarrod Millman and St{\'{e}}fan J.
                 van der Walt and Ralf Gommers and Pauli Virtanen and David
                 Cournapeau and Eric Wieser and Julian Taylor and Sebastian
                 Berg and Nathaniel J. Smith and Robert Kern and Matti Picus
                 and Stephan Hoyer and Marten H. van Kerkwijk and Matthew
                 Brett and Allan Haldane and Jaime Fern{\'{a}}ndez del
                 R{\'{i}}o and Mark Wiebe and Pearu Peterson and Pierre
                 G{\'{e}}rard-Marchant and Kevin Sheppard and Tyler Reddy and
                 Warren Weckesser and Hameer Abbasi and Christoph Gohlke and
                 Travis E. Oliphant},
 year          = {2020},
 month         = sep,
 journal       = {Nature},
 volume        = {585},
 number        = {7825},
 pages         = {357--362},
 doi           = {10.1038/s41586-020-2649-2},
 publisher     = {Springer Science and Business Media {LLC}},
 url           = {https://doi.org/10.1038/s41586-020-2649-2}
}
